@article{costante2015exploring,
  title={Exploring representation learning with cnns for frame-to-frame ego-motion estimation},
  author={Costante, Gabriele and Mancini, Michele and Valigi, Paolo and Ciarfuglia, Thomas A},
  journal={IEEE robotics and automation letters},
  volume={1},
  number={1},
  pages={18--25},
  year={2015},
  publisher={IEEE}
}
